<?xml version="1.0" encoding="UTF-8"?><collection xmlns="http://www.loc.gov/MARC21/slim"><record><leader>00329nam--2200121-i-4500</leader><controlfield tag="001">000021911</controlfield><controlfield tag="002">20161230</controlfield><controlfield tag="005">20161230201034</controlfield><controlfield tag="008">060222s1000------------r-----000-0-eng-d</controlfield><datafield ind1=" " ind2=" " tag="080"><subfield code="a">017</subfield></datafield><datafield ind1=" " ind2=" " tag="245"><subfield code="a">Indice delle pubblicazioni scientifiche dal n.1.al n.100</subfield></datafield><datafield ind1=" " ind2=" " tag="260"><subfield code="a">Milano, Instituto Di Fisica Del Politehnico. 4p</subfield></datafield><datafield ind1=" " ind2=" " tag="852"><subfield code="a">D.1050</subfield></datafield></record></collection>